@manual{TECH_SPEC,
organization = "NVIDIA",
title = "TESLA M-Class GPU Computing Modules",
year = "2011",
month = "August",
howpublished = "http://www.nvidia.com/docs/IO/105880/DS-Tesla-M-Class-Aug11.pdf"
}

@misc{JINX_INFO,
author = "Georgia Institute of Technology",
howpublished = "http://support.cc.gatech.edu/facilities/instructional-labs/jinx-cluster"
}

@misc{XEON_FLOPS,
author = "Duke Scalable Computing Center",
howpublished = 
"https://wiki.duke.edu/display/SCSC/Machine+Info"
}

@techreport{SUMMA,
author = "Robert A. van de Geijn",
title = "SUMMA: Scalable Universal Matrix Multiplication Algorithm
",
institution = "The University of Texas at Austin",
year = "1997"
}

@misc{COMMS_FIG,
author = "Kathy Yelick",
title = "Parallel Matrix Multiplication",
year = "2004",
howpublished = "http://www.cs.berkeley.edu/~yelick/cs267-sp04/lectures/13/lect13-pmatmul-6x.pdf"
}

@manual{CUDA_PGUIDE,
organization = "NVIDIA",
title = "NVIDIA CUDA C Programming Guide",
year = "2012",
month = "April",
howpublished = "http://developer.download.nvidia.com/compute/DevZone/docs/html/C/doc/CUDA_C_Programming_Guide.pdf"
}

